<record><leader>00000cas a2200000 a 4500</leader><controlfield tag="001">30010637</controlfield><controlfield tag="008">940323d19341935iluwr ne      0   a0eng c</controlfield><datafield ind1=" " ind2=" " tag="010"><subfield code="a">sn 94054222 </subfield></datafield><datafield ind1=" " ind2=" " tag="040"><subfield code="a">NVF</subfield><subfield code="b">eng</subfield><subfield code="c">NVF</subfield><subfield code="d">CVF</subfield><subfield code="d">GK8</subfield><subfield code="d">NVF</subfield><subfield code="d">OCLCQ</subfield><subfield code="d">OCLCF</subfield><subfield code="d">NVF</subfield></datafield><datafield ind1=" " ind2=" " tag="042"><subfield code="a">pcc</subfield></datafield><datafield ind1=" " ind2=" " tag="043"><subfield code="a">n-us-il</subfield></datafield><datafield ind1="0" ind2="0" tag="245"><subfield code="a">Des Plaines journal and the Des Plaines community budget balancer.</subfield></datafield><datafield ind1="1" ind2="3" tag="246"><subfield code="a">Des Plaines community budget balancer</subfield></datafield><datafield ind1="1" ind2="7" tag="246"><subfield code="a">Des Plaines journal</subfield></datafield><datafield ind1=" " ind2=" " tag="260"><subfield code="a">Des Plaines, Ill. :</subfield><subfield code="b">Wm. L. Fabian and Associates,</subfield><subfield code="c">1934-1935.</subfield></datafield><datafield ind1=" " ind2=" " tag="300"><subfield code="a">v.</subfield></datafield><datafield ind1=" " ind2=" " tag="310"><subfield code="a">Weekly</subfield></datafield><datafield ind1="0" ind2=" " tag="362"><subfield code="a">Vol. 2, no. 1 (Jan. 26, 1934)-v. 3, no. 23 (June 28, 1935).</subfield></datafield><datafield ind1=" " ind2=" " tag="515"><subfield code="a">Continues the numbering of Des Plaines community budget balancer.</subfield></datafield><datafield ind1=" " ind2="0" tag="651"><subfield code="a">Des Plaines (Ill.)</subfield><subfield code="v">Newspapers.</subfield></datafield><datafield ind1=" " ind2="0" tag="651"><subfield code="a">Mount Prospect (Ill.)</subfield><subfield code="v">Newspapers.</subfield></datafield><datafield ind1=" " ind2="0" tag="651"><subfield code="a">Wheeling (Ill.)</subfield><subfield code="v">Newspapers.</subfield></datafield><datafield ind1=" " ind2="7" tag="651"><subfield code="a">Illinois</subfield><subfield code="z">Des Plaines.</subfield><subfield code="2">fast</subfield><subfield code="0">(OCoLC)fst01210719</subfield></datafield><datafield ind1=" " ind2="7" tag="651"><subfield code="a">Illinois</subfield><subfield code="z">Mount Prospect.</subfield><subfield code="2">fast</subfield><subfield code="0">(OCoLC)fst01204259</subfield></datafield><datafield ind1=" " ind2="7" tag="651"><subfield code="a">Illinois</subfield><subfield code="z">Wheeling.</subfield><subfield code="2">fast</subfield><subfield code="0">(OCoLC)fst01226865</subfield></datafield><datafield ind1=" " ind2="7" tag="655"><subfield code="a">Newspapers.</subfield><subfield code="2">fast</subfield><subfield code="0">(OCoLC)fst01423814</subfield></datafield><datafield ind1=" " ind2=" " tag="752"><subfield code="a">United States</subfield><subfield code="b">Illinois</subfield><subfield code="c">Cook</subfield><subfield code="d">Des Plaines.</subfield></datafield><datafield ind1="0" ind2="0" tag="780"><subfield code="t">Des Plaines community budget balancer</subfield><subfield code="w">(DLC)sn 94054221</subfield><subfield code="w">(OCoLC)30010598</subfield></datafield><datafield ind1="0" ind2="0" tag="785"><subfield code="t">Des Plaines journal</subfield><subfield code="w">(DLC)sn 87082515</subfield><subfield code="w">(OCoLC)15373814</subfield></datafield><datafield ind1="1" ind2=" " tag="029"><subfield code="a">AU@</subfield><subfield code="b">000010929041</subfield></datafield></record>